<?xml version="1.0" encoding="UTF-8"?><collection xmlns="http://www.loc.gov/MARC21/slim"><record><leader>00544nam--2200205-u-4500</leader><controlfield tag="001">000056120</controlfield><controlfield tag="002">20161230</controlfield><controlfield tag="005">20170127211309</controlfield><controlfield tag="008">141210s1000------------r-----000-0-rus-d</controlfield><datafield ind1=" " ind2=" " tag="040"><subfield code="a">IFIN-HH</subfield></datafield><datafield ind1=" " ind2=" " tag="041"><subfield code="a">rus</subfield></datafield><datafield ind1=" " ind2=" " tag="080"><subfield code="a">520.27=03.20=82</subfield></datafield><datafield ind1="1" ind2=" " tag="100"><subfield code="a">Lovell, Bernard</subfield></datafield><datafield ind1="1" ind2="0" tag="245"><subfield code="a">Radioastronomia</subfield><subfield code="c">B.Lovell, J. Clegg</subfield></datafield><datafield ind1=" " ind2=" " tag="260"><subfield code="a">Moskva</subfield><subfield code="b">Inostrannoi Literaturi</subfield><subfield code="c">1953</subfield></datafield><datafield ind1=" " ind2=" " tag="300"><subfield code="a">240 p</subfield></datafield><datafield ind1=" " ind2=" " tag="500"><subfield code="a">Titlul Original In Limba Engleza: Radio Astronomy</subfield></datafield><datafield ind1="1" ind2=" " tag="700"><subfield code="a">Clegg, J</subfield></datafield><datafield ind1=" " ind2=" " tag="852"><subfield code="a">47713</subfield><subfield code="c">523.164</subfield></datafield><datafield ind1=" " ind2=" " tag="CAT"><subfield code="a">SYS</subfield><subfield code="c">20170127</subfield><subfield code="h">211309</subfield></datafield></record></collection>